2338 2994
193 48 220 100 16
426 42 623 97 DISPVTATIO
639 44 666 95 ΙΙ.
684 46 725 97 DE
743 43 841 98 ANNO

197 126 305 137 m
312 125 1077 142 mmmmm-dmm

189 172 248 207 cum
259 170 324 204 anno
335 156 393 218 767.
408 148 458 218 jam
469 166 594 202 arnustus
605 150 704 217 lustrum
721 168 734 200 a
753 152 774 202 se
791 152 880 203 fautum
897 153 996 205 dixiffet.
1031 155 1078 204 Sed

190 226 375 276 aduusuueivu
388 228 550 279 reuertamur,
561 221 603 287 qui
612 220 651 272 uel
661 219 792 271 extinttam
808 220 861 273 vult
876 225 989 274 ordinarii
1005 223 1078 291 praesi-

190 290 432 361 triumuiratum,
449 288 488 341 vei
499 289 525 339 in
536 290 718 341 duumviratum
730 298 860 349 mutatam,
872 291 886 340 si
896 292 1077 343 extraordinari-

144 362 145 365 ’
192 379 221 413 us
232 363 335 412 accedat.
365 362 459 410 Verum
470 366 557 408 neutro
569 359 667 426 quidem
681 374 742 426 opus
753 358 793 408 est.
828 360 913 411 Manet
924 363 989 411 euim
1005 360 1078 427 legati

194 432 305 482 ordinarii
322 428 437 496 potestas,
450 426 538 477 etiamsi
555 436 622 477 extra
642 428 753 477 ordinem
770 427 829 478 alter
846 429 974 482 mittaturt
997 432 1078 496 Atque

193 504 279 551 eodem
294 500 368 548 modo
381 505 462 546 manet
473 494 554 563 pruses
566 497 698 546 ordinarius
711 497 735 545 in
747 499 871 563 prouincia
886 514 941 548 cum
960 498 1079 565 potestate

191 566 494 636 judicandi&puniendi‚
512 564 674 615 etiamtiaiius
691 566 804 615 adueniat
828 565 883 615 belii
911 568 1011 633 gerendi
1038 564 1079 617 vel

197 638 278 693 census
292 637 378 704 agendi
389 649 444 686 cum
456 632 571 701 potestate
582 633 691 701 suprema
706 643 777 700 utque
793 636 988 686 extraordinaria.
1030 634 1080 684 Cui

197 707 328 758 ordinarius
340 701 482 772 aequiparare
497 702 518 752 se
531 720 582 753 non
593 705 679 762 debet,
692 703 759 769 quod
770 701 827 753 esset
838 708 1009 753 duumviratum
1024 702 1081 752 affe-

198 776 278 835 &are3
296 775 333 824 sed
350 774 432 823 iocum
444 772 576 822 concedere
594 774 683 839 debet:
700 780 772 838 prout
788 772 862 821 hodie
877 789 973 839 quoque
988 772 1080 840 legatus

175 849 178 850 ⁷
198 846 330 895 ordinatius
340 842 527 892 extraordinario
538 842 608 891 cedit.
642 840 718 890 Porro
733 841 781 890 hoc
798 842 860 890 inter
870 852 999 909 utrumque
1011 843 1082 890 iuter-

198 913 245 966 est,
258 914 323 980 qund
333 911 530 961 extraordinarius
541 910 582 958 uni
599 911 729 976 prouinciae
745 926 795 958 non
810 910 1081 961 addiciturzordinarius

198 983 307 1044 inunum
320 980 471 1047 provinciam
480 1008 485 1032 ,
494 977 555 1044 quati
564 979 685 1045 propriam
695 979 720 1028 ὃ(
730 977 793 1027 suum
803 976 894 1038 sedem,
906 978 953 1031 five
965 976 1082 1043 majorem

201 1051 249 1101 five
261 1051 382 1100 minorem
401 1047 478 1100 iiiam,
494 1047 608 1096 mittitun
634 1047 769 1112 Quomodo
785 1045 875 1113 aliquos
891 1054 952 1117 Syria
968 1046 1082 1114 proetides²

205 1118 297 1186 aliquos
310 1124 370 1185 Syriu
381 1120 407 1169 n*
420 1119 499 1164 Ciiiriu
508 1113 575 1163 simul
585 1112 701 1181 praefuisse
713 1115 852 1181 reperimus.
871 1117 920 1179 (a)
938 1116 1002 1165 Tum
1018 1116 1083 1164 idem

204 1189 234 1237 ud
246 1192 294 1236 duo
306 1185 399 1242 munia,
411 1184 436 1233 ἃ
446 1184 474 1231 ad
485 1183 580 1232 censum
599 1185 733 1249 egendum,
750 1183 775 1234 iic
791 1184 820 1232 ad
836 1185 970 1250 gerendum
985 1183 1083 1241 bellum,

203 1257 265 1306 mitti
277 1253 362 1322 potest.
397 1253 437 1300 Uti
451 1267 568 1301 eruvuivs
582 1252 641 1318 imp.
651 1260 782 1310 memorat,
800 1252 850 1314 (b)
869 1260 959 1320 patrem
974 1268 1083 1310 nuusvim

203 1325 308 1392 legatum
325 1324 348 1371 in
358 1319 460 1377 Gallius,
472 1319 501 1367 ud
510 1322 581 1379 causus
599 1350 608 1358 -
625 1349 634 1359 -
651 1349 659 1361 ·
677 1350 687 1361 -
703 1319 734 1368 ud
745 1320 947 1369 bellumuvucurum
958 1325 1000 1388 effe.
1038 1322 1084 1369 De·

202 1395 274 1460 nique
290 1399 317 1440 ut
331 1389 428 1457 pianum
445 1388 571 1444 iaciamus,
588 1384 662 1437 fuisse¹
672 1388 696 1436 id
712 1389 817 1437 romanis
834 1388 962 1449 familiare,
981 1397 1008 1438 ut
1022 1389 1084 1438 duos

203 1461 347 1530 quandoque
359 1457 398 1509 vel
411 1456 488 1523 plures
500 1456 524 1505 in
535 1455 619 1504 eadem
631 1456 756 1522 provincia
767 1457 885 1506 haberent
896 1473 953 1508 cum
966 1456 1084 1524 potestate

202 1529 320 1582 ordinaria
331 1524 545 1584 alterum,alterum
552 1539 611 1573 ¹cum
620 1525 815 1585 extraordinaria,
822 1522 893 1591 jurat
902 1542 979 1594 pauca
988 1525 1085 1575 exmul·

202 1601 232 1651 tis
242 1596 353 1665 exempla
363 1594 454 1644 afferre.
1012 1600 1015 1602 “

303 1667 321 1715 l.
338 1664 403 1714 Cum
414 1678 495 1714 iussus
505 1678 549 1730 per
559 1662 670 1713 fraudem
681 1661 760 1713 iueuo
773 1660 887 1728 &occiso
899 1663 997 1714 tandem
1008 1680 1085 1715 suurn

203 1756 252 1792 rur.
267 1750 363 1786 mestun
374 1732 500 1800 provincia
509 1733 575 1800 Syria
584 1733 676 1799 potitus
691 1731 760 1791 effu,
776 1733 820 1785 ivit
835 1733 945 1783 adversus
962 1750 1019 1783 eum
1035 1751 1087 1784 non

203 1808 280 1860 modu
292 1815 420 1856 uurrsrrvs
432 1815 510 1852 varus
522 1800 622 1867 quaestor
635 1801 717 1869 sponte
731 1800 782 1861 sua,
799 1803 968 1853 verumetiam
985 1819 1013 1864 Q
1028 1816 1087 1854 cou-

204 1890 307 1929 uuioivs
316 1872 406 1923 Ciliciae
417 1879 469 1921 tum
480 1871 575 1939 praeies‚
587 1871 612 1920 in
623 1886 676 1919 eam
690 1869 769 1919 mitius
780 1870 826 1932 est3
841 1871 898 1921 item
908 1888 967 1935 Qu
975 1887 988 1920 u
996 1886 1087 1921 uerus

195 1960 300 1997 ouisrvs
313 1959 326 1992 e
337 1941 468 2010 Bithynia:
485 1940 582 1990 Omitto
593 1954 703 1989 summu
714 1955 832 1998 uvucviu,
850 1942 897 2003 (c)
914 1942 954 2006 qui
963 1941 1034 1988 etiam
1047 1956 1087 1989 an·

206 2024 230 2066 te
247 2028 350 2064 ouisrvru
366 2011 392 2060 in
405 2009 509 2059 eandem
526 2008 678 2075 provinciam
696 2005 777 2057 miffus
790 2008 875 2057 tuerat.
909 2008 1031 2058 Nimirum
1043 2024 1087 2075 pro

207 2083 298 2135 ratione
308 2076 451 2133 necessitatis
462 2077 544 2148 praeses
558 2092 636 2136 unus,
645 2075 685 2128 ue]
696 2074 775 2145 piures
785 2085 852 2144 erant
862 2077 886 2126 in
896 2077 1088 2145 prouinciarum

993 2147 1088 2197 ordina-

255 2289 265 2315 a

247 2348 277 2400 (b)
294 2342 357 2386 uru.
372 2353 406 2401 prr
417 2341 500 2405 guilis,
517 2339 598 2399 superius
608 2340 689 2381 laudata.
944 2366 946 2368 ψ

242 2402 274 2459 (c)
290 2408 351 2459 Qrm
360 2401 406 2441 falsu
414 2406 571 2447 criminationibus
584 2406 645 2445 Meuae
655 2408 675 2446 ur
690 2404 797 2446 Menecratis
811 2401 885 2444 credens
901 2405 951 2447 SEX.
964 2403 1090 2448 POMPEIVS

244 2485 246 2491 Α
299 2459 361 2515 postea
369 2458 436 2500 occidit
444 2462 463 2502 in
470 2462 540 2514 Sicilia,
558 2463 585 2505 uti
593 2461 661 2516 Vellei.
672 2462 705 2518 liu,
715 2474 735 2509 u.
745 2475 784 2519 cap.
793 2473 824 2516 77.
831 2460 899 2510 retulit.
